@misc{ref1,
	author={Labri},
	title={Sujet du projet},
	month={feb},
	year={2015},
	note={dept-info.labri.u-bordeaux.fr/ENSEIGNEMENT/edd/projet/projet.pdf},
}
@misc{ref2,
	author={Gabriele, Cirulli},
	title={2048 Original},
	month={mar},
	year={2014},
	note={gabrielecirulli.github.io/2048/}
}

@misc{ref3,
	author={Sam, Lantingua},
	title={Documentation SDL},
	note={libsdl.org/release/SDL-1.2.15/docs/}
}

@misc{ref4,
	author={Jonathan, Atkins},
	title={Documentation de SDL-ttf},
	month={nov},
	year={2009},
	note={libsdl.org/projects/SDL\_ttf/docs/SDL\_ttf.pdf},
}